@article{lindquist2008statistical,
  title={The Statistical Analysis of {fMRI} Data},
  author={Lindquist, Martin A},
  journal={Statistical Science},
  volume={23},
  number={4},
  pages={439--464},
  year={2008},
  publisher={Institute of Mathematical Statistics}
}

@article{millman2014developing,
  title={Developing open-source scientific practice},
  author={Millman, K Jarrod and P{\'e}rez, Fernando},
  journal={Implementing Reproducible Research. CRC Press, Boca Raton, FL},
  pages={149--183},
  year={2014}
}

@article{millman2007analysis,
  title={Analysis of functional {Magnetic Resonance Imaging in Python}},
  author={Millman, K Jarrod and Brett, Matthew},
  journal={Computing in Science \& Engineering},
  volume={9},
  number={3},
  pages={52--55},
  year={2007},
  publisher={IEEE}
}

@article{millman2011python,
  title={Python for scientists and engineers},
  author={Millman, K Jarrod and Aivazis, Michael},
  journal={Computing in Science \& Engineering},
  volume={13},
  number={2},
  pages={9--12},
  year={2011},
  publisher={IEEE}
}

@article{poline2012general,
  title={The general linear model and {fMRI}: does love last forever?},
  author={Poline, Jean-Baptiste and Brett, Matthew},
  journal={Neuroimage},
  volume={62},
  number={2},
  pages={871--880},
  year={2012},
  publisher={Elsevier}
}

@article{preeyanon2014reproducible,
  title={Reproducible bioinformatics research for biologists},
  author={Preeyanon, Likit and Pyrkosz, Alexis Black and Brown, C Titus},
  journal={Implementing Reproducible Research},
  pages={185--216},
  year={2014},
  publisher={CRC Press}
}

@article{perez2011python,
  title={Python: an ecosystem for scientific computing},
  author={P{\'e}rez, Fernando and Granger, Brian E and Hunter, John D},
  journal={Computing in Science \& Engineering},
  volume={13},
  number={2},
  pages={13--21},
  year={2011},
  publisher={IEEE}
}

@incollection{buckheit1995wavelab,
  title={Wavelab and reproducible research},
  author={Buckheit, Jonathan B and Donoho, David L},
  booktitle={Wavelets and statistics},
  pages={55--81},
  year={1995},
  publisher={Springer}
}

@article{poldrack2013toward,
  title={{Toward open sharing of task-based fMRI data: the OpenfMRI project}},
  author={Poldrack, Russell A and Barch, Deanna M and Mitchell, Jason P and Wager, Tor D and Wagner, Anthony D and Devlin, Joseph T and Cumba, Chad and Koyejo, Oluwasanmi and Milham, Michael P},
  journal={Frontiers in Neuroinformatics},
  volume={7},
  year={2013},
  publisher={Frontiers Media SA}
}

@article{poldrack2015openfmri,
  title={{OpenfMRI: open sharing of task fMRI data}},
  author={Poldrack, Russell A and Gorgolewski, Krzysztof J},
  journal={NeuroImage},
  year={2015},
  publisher={Elsevier}
}

@article{tom2007neural,
  title={The Neural Basis of Loss Aversion in Decision-Making Under Risk},
  author={Tom, Sabrina M and others},
  journal={Science},
  volume={315},
  number={5811},
  pages={515--518},
  year={2007},
  publisher={American Association for the Advancement of Science}
}

@article{wilson2014best,
  title={Best practices for scientific computing},
  author={Wilson, Greg and Aruliah, DA and Brown, C Titus and Hong, Neil P Chue
      and Davis, Matt and Guy, Richard T and Haddock, Steven HD and Huff,
      Kathryn D and Mitchell, Ian M and Plumbley, Mark D and others},
  journal={PLoS Biol},
  volume={12},
  number={1},
  pages={e1001745},
  year={2014},
  publisher={Public Library of Science},
  doi = {10.1371/journal.pbio.1001745}
}
